@article{Born1927,
  author  = {Born, Max and Oppenheimer, J. Robert},
  title   = {Zur Quantentheorie der Molekeln},
  journal = {Annalen der Physik},
  volume  = {389},
  number  = {20},
  pages   = {457--484},
  year    = {1927},
  doi     = {10.1002/andp.19273892002}
}

@article{Ehrenfest1927,
  author  = {Ehrenfest, Paul},
  title   = {Bemerkung uber die angenaherte Gultigkeit der klassischen Mechanik innerhalb der Quantenmechanik},
  journal = {Zeitschrift fur Physik},
  volume  = {45},
  number  = {7-8},
  pages   = {455--457},
  year    = {1927},
  doi     = {10.1007/BF01329203}
}

@article{Moller1934,
  author  = {Moller, Christian and Plesset, Milton S.},
  title   = {Note on an Approximation Treatment for Many-Electron Systems},
  journal = {Physical Review},
  volume  = {46},
  number  = {7},
  pages   = {618--622},
  year    = {1934},
  doi     = {10.1103/PhysRev.46.618}
}

@article{Gartner2022,
  author  = {Gartner, Thomas E. and Zhang, Linfeng and Piaggi, Pablo M. and Car, Roberto and Panagiotopoulos, Athanassios Z. and Debenedetti, Pablo G.},
  title   = {Signatures of a Liquid-Liquid Transition in an Ab Initio Deep Neural Network Model for Water},
  journal = {Physical Review Letters},
  volume  = {129},
  number  = {22},
  pages   = {226001},
  year    = {2022},
  doi     = {10.1103/PhysRevLett.129.226001}
}

@misc{BODiagramImg,
  author = {{Desconocido}},
  title  = {Diagrama de la aproximacion de Born-Oppenheimer},
  year   = {{Sin fecha}},
  note   = {URL: \url{http://googleusercontent.com/image_collection/image_retrieval/4223538122639643201_0}}
}

@misc{H2pesImg,
  author = {{Desconocido}},
  title  = {Superficie de Energia Potencial (PES) para la molecula de H2},
  year   = {{Sin fecha}},
  note   = {URL: \url{http://googleusercontent.com/image_collection/image_retrieval/7172090873971981534_0}}
}

@misc{conicalIntersectionImg,
  author = {{Desconocido}},
  title  = {Esquema de una interseccion conica},
  year   = {{Sin fecha}},
  note   = {URL: \url{http://googleusercontent.com/image_collection/image_retrieval/15999581509696697906_0}}
}

@misc{ehrenfestDiagramImg,
  author = {{Desconocido}},
  title  = {Diagrama ilustrativo de la dinamica de Ehrenfest},
  year   = {{Sin fecha}},
  note   = {URL: \url{http://googleusercontent.com/image_collection/image_retrieval/14450206274829580095_0}}
}

@misc{photoexcitationImg,
  author = {{Desconocido}},
  title  = {Diagrama de niveles de energia para fotoexcitacion},
  year   = {{Sin fecha}},
  note   = {URL: \url{http://googleusercontent.com/image_collection/image_retrieval/11852274314737476021_0}}
}

@misc{wavePacketSplittingImg,
  author = {{Desconocido}},
  title  = {Division de un paquete de ondas en una barrera de potencial},
  year   = {{Sin fecha}},
  note   = {URL: \url{http://googleusercontent.com/image_collection/image_retrieval/5607325285326519767_0}}
}

@misc{electronCorrelationImg,
  author = {{Desconocido}},
  title  = {Esquema de la correlacion electronica},
  year   = {{Sin fecha}},
  note   = {URL: \url{http://googleusercontent.com/image_collection/image_retrieval/7530469722642117439_0}}
}

@misc{vanDerWaalsImg,
  author = {{Desconocido}},
  title  = {Diagrama de las fuerzas de van der Waals},
  year   = {{Sin fecha}},
  note   = {URL: \url{http://googleusercontent.com/image_collection/image_retrieval/13675489248598106892_0}}
}

@misc{computationalScalingImg,
  author = {{Desconocido}},
  title  = {Grafica del escalado computacional de metodos cuanticos},
  year   = {{Sin fecha}},
  note   = {URL: \url{http://googleusercontent.com/image_collection/image_retrieval/11666921760332354601_0}}
}

@misc{mlPotentialWorkflowImg,
  author = {{Desconocido}},
  title  = {Flujo de trabajo para el entrenamiento de un potencial de machine learning},
  year   = {{Sin fecha}},
  note   = {URL: \url{http://googleusercontent.com/image_collection/image_retrieval/12430749342618302976_0}}
}

@misc{waterPhaseDiagramImg,
  author = {{Desconocido}},
  title  = {Diagrama de fases del agua},
  year   = {{Sin fecha}},
  note   = {URL: \url{http://googleusercontent.com/image_collection/image_retrieval/14563235559884751507_0}}
}

@misc{catalysisSurfaceImg,
  author = {{Desconocido}},
  title  = {Simulacion de una reaccion catalitica en una superficie},
  year   = {{Sin fecha}},
  note   = {URL: \url{http://googleusercontent.com/image_collection/image_retrieval/3485348618141991051_0}}
}

@misc{waterMdSimulationImg,
  author = {{Desconocido}},
  title  = {Simulacion de dinamica molecular de agua liquida},
  year   = {{Sin fecha}},
  note   = {URL: \url{http://googleusercontent.com/image_collection/image_retrieval/17745162355925155673_0}}
}

@misc{waterRdfPlotImg,
  author = {{Desconocido}},
  title  = {Grafica de la Funcion de Distribucion Radial (RDF) del agua},
  year   = {{Sin fecha}},
  note   = {URL: \url{http://googleusercontent.com/image_collection/image_retrieval/15789009276064600856_0}}
}

@misc{proteinHydrationImg,
  author = {{Desconocido}},
  title  = {Simulacion de la capa de hidratacion de una proteina},
  year   = {{Sin fecha}},
  note   = {URL: \url{http://googleusercontent.com/image_collection/image_retrieval/18093496468870168924_0}}
}

@article{Hohenberg1964,
  author  = {Hohenberg, P. and Kohn, W.},
  title   = {Inhomogeneous Electron Gas},
  journal = {Physical Review},
  volume  = {136},
  number  = {3B},
  pages   = {B864--B871},
  year    = {1964},
  doi     = {10.1103/PhysRev.136.B864}
}

@article{Kohn1965,
  author  = {Kohn, W. and Sham, L. J.},
  title   = {Self-Consistent Equations Including Exchange and Correlation Effects},
  journal = {Physical Review},
  volume  = {140},
  number  = {4A},
  pages   = {A1133--A1138},
  year    = {1965},
  doi     = {10.1103/PhysRev.140.A1133}
}

@article{Car1985,
  author  = {Car, R. and Parrinello, M.},
  title   = {Unified Approach for Molecular Dynamics and Density-Functional Theory},
  journal = {Physical Review Letters},
  volume  = {55},
  number  = {22},
  pages   = {2471--2474},
  year    = {1985},
  doi     = {10.1103/PhysRevLett.55.2471}
}

@article{Born1927,
  author  = {Born, M. and Oppenheimer, R.},
  title   = {Zur Quantentheorie der Molekeln},
  journal = {Annalen der Physik},
  volume  = {389},
  number  = {20},
  pages   = {457--484},
  year    = {1927},
  doi     = {10.1002/andp.19273892002}
}

@article{Ehrenfest1927,
  author  = {Ehrenfest, P.},
  title   = {Bemerkung {\"u}ber die angen{\"a}herte G{\"u}ltigkeit der klassischen Mechanik innerhalb der Quantenmechanik},
  journal = {Zeitschrift f{\"u}r Physik},
  volume  = {45},
  number  = {7-8},
  pages   = {455--457},
  year    = {1927},
  doi     = {10.1007/bf01329203}
}

@article{Hartree1928,
  author  = {Hartree, D. R.},
  title   = {The Wave Mechanics of an Atom with a Non-Coulomb Central Field. Part I. Theory and Methods},
  journal = {Mathematical Proceedings of the Cambridge Philosophical Society},
  volume  = {24},
  number  = {1},
  pages   = {89--110},
  year    = {1928},
  doi     = {10.1017/S0305004100011919}
}

@article{Fock1930,
  author  = {Fock, V.},
  title   = {N{\"a}herungsmethode zur L{\"o}sung des quantenmechanischen Mehrk{\"o}rperproblems},
  journal = {Zeitschrift f{\"u}r Physik},
  volume  = {61},
  number  = {1-2},
  pages   = {126--148},
  year    = {1930},
  doi     = {10.1007/BF01340294}
}

@article{Moller1934,
  author  = {M{\o}ller, C. and Plesset, M. S.},
  title   = {Note on an Approximation Treatment for Many-Electron Systems},
  journal = {Physical Review},
  volume  = {46},
  number  = {7},
  pages   = {618--622},
  year    = {1934},
  doi     = {10.1103/PhysRev.46.618}
}

@article{Yoo2013,
  author  = {Yoo, S. and Apr{\`a}, E. and Zeng, X. C. and Xantheas, S. S.},
  title   = {High-Level Ab Initio-Based Force Field for Water: A Two-Body Potential with Explicit Three-Body Effects},
  journal = {The Journal of Physical Chemistry Letters},
  volume  = {4},
  number  = {24},
  pages   = {4375--4381},
  year    = {2013},
  doi     = {10.1021/jz401931f}
}

@article{Cizek1966,
  author  = {{\v C}{\'\i}{\v z}ek, J.},
  title   = {On the Correlation Problem in Atomic and Molecular Systems. Calculation of Wavefunction Components in Ursell-Type Expansion Using Quantum-Field Theoretical Methods},
  journal = {The Journal of Chemical Physics},
  volume  = {45},
  number  = {11},
  pages   = {4256--4266},
  year    = {1966},
  doi     = {10.1063/1.1727484}
}

@article{Gartner2022,
  author  = {Gartner, T. E. and Zhang, L. and Piaggi, P. M. and Car, R. and Panagiotopoulos, A. Z. and Debenedetti, P. G.},
  title   = {Signatures of a Liquid-Liquid Transition in an Ab Initio Deep Neural Network Model for Water},
  journal = {Physical Review Letters},
  volume  = {129},
  number  = {22},
  pages   = {226001},
  year    = {2022},
  doi     = {10.1103/PhysRevLett.129.226001}
}

@article{Dewar1977,
  author  = {Dewar, M. J. S. and Thiel, W.},
  title   = {The MNDO method. Approximations and parameters},
  journal = {Journal of the American Chemical Society},
  volume  = {99},
  number  = {15},
  pages   = {4899--4907},
  year    = {1977},
  doi     = {10.1021/ja00457a004}
}

@article{Dewar1985,
  author  = {Dewar, M. J. S. and Zoebisch, E. G. and Healy, E. F. and Stewart, J. J. P.},
  title   = {AM1: a new general purpose quantum mechanical molecular model},
  journal = {Journal of the American Chemical Society},
  volume  = {107},
  number  = {13},
  pages   = {3902--3909},
  year    = {1985},
  doi     = {10.1021/ja00299a024}
}

@article{Porezag1998,
  author  = {Porezag, D. and Frauenheim, T. and K{\"o}hler, T. and Seifert, G. and Kaschner, R.},
  title   = {Construction of tight-binding-like potentials on the basis of density-functional theory: Application to carbon},
  journal = {Physical Review B},
  volume  = {58},
  number  = {12},
  pages   = {7260--7269},
  year    = {1998},
  doi     = {10.1103/PhysRevB.58.7260}
}

@article{Tully1990,
  author  = {Tully, J. C.},
  title   = {Molecular dynamics with electronic transitions},
  journal = {The Journal of Chemical Physics},
  volume  = {93},
  number  = {2},
  pages   = {1061--1071},
  year    = {1990},
  doi     = {10.1063/1.459170}
}

@article{Meyer1990,
  author  = {Meyer, H.-D. and Manthe, U. and Cederbaum, L. S.},
  title   = {The multi-configurational time-dependent Hartree approach},
  journal = {Chemical Physics Letters},
  volume  = {165},
  number  = {1},
  pages   = {73--78},
  year    = {1990},
  doi     = {10.1016/0009-2614(90)87014-I}
}

@book{Feynman1965,
  author    = {Feynman, R. P. and Hibbs, A. R.},
  title     = {Quantum Mechanics and Path Integrals},
  publisher = {McGraw-Hill},
  year      = {1965}
}

@article{Chandler1981,
  author  = {Chandler, D. and Wolynes, P. G.},
  title   = {Exploiting the isomorphism between quantum theory and classical statistical mechanics of polyatomic fluids},
  journal = {The Journal of Chemical Physics},
  volume  = {74},
  number  = {7},
  pages   = {4078--4095},
  year    = {1981},
  doi     = {10.1063/1.441588}
}

@article{Parrinello1984,
  author  = {Parrinello, M. and Rahman, A.},
  title   = {Study of an F center in molten KCl},
  journal = {The Journal of Chemical Physics},
  volume  = {80},
  number  = {2},
  pages   = {860--867},
  year    = {1984},
  doi     = {10.1063/1.446740}
}

@article{Cao1994,
  author  = {Cao, J. and Voth, G. A.},
  title   = {The formulation of quantum statistical mechanics based on the Feynman path centroid density. I. Equilibrium properties},
  journal = {The Journal of Chemical Physics},
  volume  = {100},
  number  = {7},
  pages   = {5093--5105},
  year    = {1994},
  doi     = {10.1063/1.467176}
}

@article{Craig2004,
  author  = {Craig, I. R. and Manolopoulos, D. E.},
  title   = {Quantum statistics and classical mechanics: Real time correlation functions from ring polymer molecular dynamics},
  journal = {The Journal of Chemical Physics},
  volume  = {121},
  number  = {8},
  pages   = {3368--3373},
  year    = {2004},
  doi     = {10.1063/1.1777575}
}